@article{betancourt2015fundamental,
  title={{The Fundamental Incompatibility of Hamiltonian Monte Carlo and Data Subsampling}},
  author={Betancourt, MJ},
  volume={37},
  journal={Journal of Machine Learning Research},
  year={2015}
}

@article{roberts1996exponential,
  title={{Exponential convergence of Langevin distributions and their discrete approximations}},
  author={Roberts, Gareth O and Tweedie, Richard L},
  journal={Bernoulli},
  pages={341--363},
  year={1996},
  publisher={JSTOR}
}

@article{alquier2014noisy,
  title={{Noisy Monte Carlo: Convergence of Markov chains with approximate transition kernels}},
  author={Alquier, Pierre and Friel, Nial and Everitt, Richard and Boland, Aidan},
  journal={Statistics and Computing},
  pages={1--19},
  year={2014},
  publisher={Springer}
}

@article{leimkuhler2009metropolis,
  title={{A metropolis adjusted Nos{\'e}-Hoover thermostat}},
  author={Leimkuhler, Benedict and Reich, Sebastian},
  journal={ESAIM: Mathematical Modelling and Numerical Analysis},
  volume={43},
  number={04},
  pages={743--755},
  year={2009},
  publisher={Cambridge Univ Press}
}

@article{Murray2012,
  title={{Driving Markov chain Monte Carlo with a dependent random stream}},
  author={Murray, Iain and Elliott, Lloyd~T.},
  journal={arXiv:1204.3187},
  year={2012}
}
@article{Neal2012,
  title={{How to View an MCMC Simulation as a Permutation, with Applications to Parallel Simulation and Improved Importance Sampling}},
  author={Neal, Radford~M.},
  journal={Technical Report No. 1201, Dept. of Statistics, University of Toronto},
  year={2012}
}

@article{Ehrlich2013,
year={2013},
journal={Methodology and Computing in Applied Probability},
title={{Gradient Free Parameter Estimation for Hidden Markov Models with Intractable Likelihoods}},
author={Ehrlich, Elena and Jasra, Ajay and Kantas, Nikolas},
pages={1-35}
}


@article{kiefer1952stochastic,
  title={{Stochastic estimation of the maximum of a regression function}},
  author={Kiefer, Jack and Wolfowitz, Jacob and others},
  journal={The Annals of Mathematical Statistics},
  volume={23},
  number={3},
  pages={462--466},
  year={1952},
  publisher={Institute of Mathematical Statistics}
}
@article{spall1992multivariate,
  title={{Multivariate stochastic approximation using a simultaneous perturbation gradient approximation}},
  author={Spall, James C},
  journal={Automatic Control, IEEE Transactions on},
  volume={37},
  number={3},
  pages={332--341},
  year={1992},
  publisher={IEEE}
}

@article{spall2000adaptive,
  title={{Adaptive stochastic approximation by the simultaneous perturbation method}},
  author={Spall, James C},
  journal={Automatic Control, IEEE Transactions on},
  volume={45},
  number={10},
  pages={1839--1853},
  year={2000},
  publisher={IEEE}
}

@article{spall2005monte,
  title={{Monte Carlo computation of the Fisher information matrix in nonstandard settings}},
  author={Spall, James C},
  journal={Journal of Computational and Graphical Statistics},
  volume={14},
  number={4},
  year={2005}
}

@article{kleinman1999simulation,
  title={{Simulation-based optimization with stochastic approximation using common random numbers}},
  author={Kleinman, Nathan L and Spall, James C and Naiman, Daniel Q},
  journal={Management Science},
  volume={45},
  number={11},
  pages={1570--1578},
  year={1999},
  publisher={INFORMS}
}

@article{TurnerGenLik2014,
  title={{A generalized, likelihood-free method for posterior estimation}},
  author={Brandon M. Turner and Per B. Sederberg},
  journal={Psychonomic Bulletin \& Review},
  volume={21},
  number={2},
  pages={227--250},
  year={2014}
}

@article{Meeds2014GpsUai,
	author = "Edward Meeds and Max Welling",
	title  = "{GPS-ABC}: Gaussian Process Surrogate Approximate Bayesian Computation",
	journal = "Uncertainty in AI",
  year   = "2014"
}
@article{Wilkinson2013,
  title={{Approximate Bayesian computation ({ABC}) gives exact results under the assumption of model error}},
  author={R. Wilkinson},
  journal={Statistical Applications in Genetics and Molecular Biology},
  volume={12},
  number={2},
  pages={129--142},
  year={2013}
}

@article{duane1987hybrid,
  title={{Hybrid Monte Carlo}},
  author={Duane, Simon and Kennedy, Anthony D and Pendleton, Brian J and Roweth, Duncan},
  journal={Physics letters B},
  volume={195},
  number={2},
  pages={216--222},
  year={1987},
  publisher={Elsevier}
}
@article{neal2011mcmc,
  title={{MCMC using Hamiltonian dynamics}},
  author={Neal, Radford M},
  journal={Handbook of Markov Chain Monte Carlo},
  volume={2},
  year={2011}
}

@inproceedings{welling2011bayesian,
  title={{Bayesian learning via stochastic gradient Langevin dynamics}},
  author={Welling, Max and Teh, Yee W},
  booktitle={Proceedings of the 28th International Conference on Machine Learning (ICML-11)},
  pages={681--688},
  year={2011}
}
@article{ahn2012bayesian,
  title={{Bayesian posterior sampling via stochastic gradient Fisher scoring}},
  author={Ahn, Sungjin and Korattikara, Anoop and Welling, Max},
  journal={arXiv preprint arXiv:1206.6380},
  year={2012}
}
@inproceedings{ding2014bayesian,
  title={{Bayesian sampling using stochastic gradient thermostats}},
  author={Ding, Nan and Fang, Youhan and Babbush, Ryan and Chen, Changyou and Skeel, Robert D and Neven, Hartmut},
  booktitle={Advances in Neural Information Processing Systems},
  pages={3203--3211},
  year={2014}
}
@article{chen2014stochastic,
  title={{Stochastic gradient Hamiltonian Monte Carlo}},
  author={Chen, Tianqi and Fox, Emily B and Guestrin, Carlos},
  booktitle={Proceedings of the 28th International Conference on Machine Learning (ICML-14)},
  year={2014}
}
@article{sunnaker2013,
author={M~Sunnåker and AG~Busetto and E~Numminen and J~Corander and M~Foll M and C~Dessimoz},
journal={PLoS Comput Biol},
year= 2013,
title={{Approximate Bayesian Computation}}, 
volume=9,
number=1,
note ={doi:10.1371/journal.pcbi.1002803}
}

% [1]
@article{andrews2012,
author={SS~Andrews and NJ~Addy and R~Brent and AP~Arkin},
journal={PLoS Comput Biol},
year= 2010,
title={{Detailed Simulations of Cell Biology with Smoldyn 2.1.}}, 
volume=6,
number=3,
note ={doi:10.1371/journal.pcbi.1000705}
}

%[2]
@article{arenas2012,
author={M~Arenas},
journal={PLoS Comput Biol},
year= 2012,
title={{Simulation of Molecular Data under Diverse Evolutionary Scenarios}}, 
volume=8,
number=5,
note ={doi:10.1371/journal.pcbi.1002495}
}


% [3]
@article{boomsma2014,
author={W~Boomsma and J~Ferkinghoff-Borg and K~Lindorff-Larsen},
journal={PLoS Comput Biol},
year= 2012,
title={{Combining Experiments and Simulations Using the Maximum Entropy Principle}}, 
volume=10,
number=2,
note ={doi:10.1371/journal.pcbi.1003406}
}

%[4]
@article{donohue2008,
author={DE~Donohue and GA~Ascoli},
journal={PLoS Comput Biol},
year= 2008,
title={{A Comparative Computer Simulation of Dendritic Morphology}}, 
volume=4,
number=6,
note ={doi:10.1371/journal.pcbi.1000089}
}

% [5]
@article{wambaugh2010,
author={J~Wambaugh and I~Shah},
journal={PLoS Comput Biol},
year= 2010,
title={{Simulating Microdosimetry in a Virtual Hepatic Lobule}}, 
volume=6,
number=4,
note ={doi:10.1371/journal.pcbi.1000756}
}

% [6]
@article{yang2007,
author={K~Yang and W~Ma and H~Liang and Q~Ouyang and  C~Tang C and {et al.}},
journal={PLoS Comput Biol},
year= 2007,
title={{Dynamic Simulations on the Arachidonic Acid Metabolic Network}}, 
volume=3,
number=3,
note ={doi:10.1371/journal.pcbi.0030055}
}

% [7]
@article{crombach2012,
author={A~Crombach and KR~Wotton and D~Cicin-Sain  and M~Ashyraliyev and J~Jaeger},
journal={PLoS Comput Biol},
year= 2012,
title={{Efficient Reverse-Engineering of a Developmental Gene Regulatory Network}}, 
volume=8,
number=7,
note ={doi:10.1371/journal.pcbi.1002589}
}

% [8]
@article{minlee2008,
author={J~Min Lee and EP~Gianchandani and JA~Eddy and JA~Papin},
journal={PLoS Comput Biol},
year= 2008,
title={{Dynamic Analysis of Integrated Signaling, Metabolic, and Regulatory Networks}}, 
volume=4,
number=5,
note ={doi:10.1371/journal.pcbi.1000086}
}


% [9]
@article{liu2011,
author={B~Liu and J~Zhang and PY~Tan and D~Hsu and AM~Blom and {et al.}},
journal={PLoS Comput Biol},
year= 2011,
title={{A Computational and Experimental Study of the Regulatory Mechanisms of the Complement System}}, 
volume=7,
number=1,
note ={doi:10.1371/journal.pcbi.1001059}
}

% [10]
@article{alizadehrad2015,
author={D~Alizadehrad and T~Krüger and M~Engstler and H~Stark},
journal={PLoS Comput Biol},
year= 2015,
title={{Simulating the Complex Cell Design of Trypanosoma brucei and Its Motility}}, 
volume=11,
number=1,
note ={doi:10.1371/journal.pcbi.1003967}
}

% [11]
@article{chickarmane2006,
author={V~Chickarmane and C~Troein and UA~Nuber and HM~Sauro HM and C~Peterson},
journal={PLoS Comput Biol},
year= 2006,
title={{Transcriptional Dynamics of the Embryonic Stem Cell Switch}}, 
volume=2,
number=9,
note ={doi:10.1371/journal.pcbi.0020123}
}

% [12]
@article{dingli2007,
author={D~Dingli and A~Traulsen and F~Michor},
journal={PLoS Comput Biol},
year= 2007,
title={{(A)Symmetric Stem Cell Replication and Cancer}}, 
volume=3,
number=3,
note ={doi:10.1371/journal.pcbi.0030053}
}

% [13]
@article{szekely2014,
author={T~Székely~Jr and K~Burrage and M~Mangel and MB~Bonsall},
journal={PLoS Comput Biol},
year= 2014,
title={{Stochastic Dynamics of Interacting Haematopoietic Stem Cell Niche Lineages}}, 
volume=10,
number=9,
note ={doi:10.1371/journal.pcbi.1003794}
}

% [14]
@article{buske2011,
author={P~Buske and J~Galle and N~Barker and G~Aust and H~Clevers H and {et al.}},
journal={PLoS Comput Biol},
year= 2011,
title={{A Comprehensive Model of the Spatio-Temporal Stem Cell and Tissue Organisation in the Intestinal Crypt}}, 
volume=7,
number=1,
note ={doi:10.1371/journal.pcbi.1001045}
}


@article{beaumont2002approximate,
  title={{Approximate Bayesian computation in population genetics}},
  author={Beaumont, Mark A and Zhang, Wenyang and Balding, David J},
  journal={Genetics},
  volume={162},
  number={4},
  pages={2025--2035},
  year={2002},
  publisher={Genetics Society of America}
}
@article{beaumont2004bayesian,
  title={{The Bayesian revolution in genetics}},
  author={Beaumont, Mark A and Rannala, Bruce},
  journal={Nature Reviews Genetics},
  volume={5},
  number={4},
  pages={251--261},
  year={2004},
  publisher={Nature Publishing Group}
}

@article{beaumont2010approximate,
  title={{Approximate Bayesian computation in evolution and ecology}},
  author={Beaumont, Mark A},
  journal={Annual Review of Ecology, Evolution, and Systematics},
  volume={41},
  pages={379--406},
  year={2010},
  publisher={Annual Reviews}
}

% unbised sequential importance sampling
@article{beaumont2009adaptive,
  title={{Adaptive approximate Bayesian computation}},
  author={Beaumont, Mark A and Cornuet, Jean-Marie and Marin, Jean-Michel and Robert, Christian P},
  journal={Biometrika},
  volume={96},
  number={4},
  pages={983--990},
  year={2009},
  publisher={Oxford University Press}
}

@article{marin:2012,
	author = "J.-M.~Marin and P.~Pudlo and C.P.~Robert and R.J.~Ryder",
	title  = "Approximate Bayesian computational methods",
  journal = "Statistics and Computing",
	volume = "22",
	pages = "1167--1180", 
	year = "2012"
}


@article{wilkinson:2014,
	author = "R. Wilkinson",
	title  = "Accelerating ABC methods using Gaussian processes",
  journal = "AISTATS",
	year = "2014"
}

@article{conti:2009,
  author = {S.~Conti and J.P.~Gosling and J. Oakley and A. O'Hagan},
  journal = {Biometrika},
  number = 3,
  pages = {663--676},
  title = {{Gaussian process emulation of dynamic computer codes}},
  volume = 96,
  year = 2009
}


@article{ZhuWJL12,
  author = {X.~Zhu and M.~Welling and F.~Jin and J.S.~Lowengrub},
  journal = {Statistical Analysis and Data Mining},
  number = 6,
  pages = {509-522},
  title = {{Predicting simulation parameters of biological systems using a Gaussian process model.}},
  volume = 5,
  year = 2012
}

@Book{gelman,
 author    = "A.~Gelman and J.B.~Carlin and H.S.~Stern and D.B.~Rubin",
 title     = "Bayesian Data Analysis",
 publisher = "Chapman and Hall/CRC",
 year      =  2004,
 address   = "New York",
 edition   = "Second",
 chapter   = 6
}

@misc{dream,
      title = "Whole-cell parameter estimation DREAM challenge",
      year = "2013",
      url = "https://www.synapse.org/#!Synapse:syn1876068"
}
@article{sisson:2008,
	author = "S.A.~Sisson and G.W.~Peters and M.~Briers and Y.~Fan",
	title  = "A note on target distribution ambiguity of likelihood-free samplers",
	journal= "Arxiv preprint arXiv:1005.5201v1 [stat.CO]",
	year   = "2010"
}

@article{andrieu2009pseudo,
  title={{The pseudo-marginal approach for efficient Monte Carlo computations}},
  author={C.~Andrieu and G.~Roberts},
  journal={The Annals of Statistics},
  volume={37},
  number={2},
  pages={697--725},
  year={2009},
  publisher={Institute of Mathematical Statistics}
}

@incollection{schafer2012likelihood,
  title={{Likelihood-Free Inference in Cosmology: Potential for the Estimation of Luminosity Functions}},
  author={C.M.~Schafer and P.E.~Freeman},
  booktitle={Statistical Challenges in Modern Astronomy V},
  pages={3--19},
  year={2012},
  publisher={Springer}
}

@article{bazin2010likelihood,
  title={{Likelihood-free inference of population structure and local adaptation in a Bayesian hierarchical model}},
  author={Bazin, Eric and Dawson, Kevin J and Beaumont, Mark A},
  journal={Genetics},
  volume={185},
  number={2},
  pages={587--602},
  year={2010},
  publisher={Genetics Soc America}
}

@article{bilionis2013,
  title={{Multi-output separable Gaussian process: Towards an efficient fully Bayesian paradigm for uncertainty quantification}},
  author={I.~Bilionis and N.~Zabaras and B.A.~Konomi and G.~Lin},
  journal={Journal of Computational Physics},
  volume={241},
  pages={212--239},
  year={2013}
}
@article{ratmann2007using,
  title={{Using likelihood-free inference to compare evolutionary dynamics of the protein networks of H. pylori and P. falciparum}},
  author={O.~Ratmann and O.~Jorgensen and T.~Hinkley and M.~Stumpf and S.~Richardson and C.~Wiuf},
  journal={PLoS Computational Biology},
  volume={3},
  number={11},
  pages={e230},
  year={2007},
  publisher={Public Library of Science}
}

@article{roberts:2007,
  title={{Coupling and Ergodicity of Adaptive MCMC}},
  author={G.O.~Roberts and J.S.~Rosenthal},
  journal={J. Appl. Prob.},
  volume={44},
  pages={458--475},
  year={2007}
}

%G.O. Roberts and J.S. Rosenthal, Coupling and Ergodicity of Adaptive MCMC [or in pdf]. (See also the related Java applet and related French-language abstract.) (J. Appl. Prob. 44:458-475, 2007.)

@article{tavare1997inferring,
  title={{Inferring coalescence times from DNA sequence data}},
  author={S.~Tavare and D.J.~Balding and R.C.~Griffiths and P.~Donnelly},
  journal={Genetics},
  volume={145},
  number={2},
  pages={505--518},
  year={1997},
  publisher={Genetics Soc America}
}
@article{alvarez:2011,
  title={{Computationally efficient convolved multiple output gaussian processes}},
  author={M.~{\'A}lvarez and L.D.~Lawrence},
  journal={Journal of Machine Learning Research},
  volume={12},
  pages={1425--1466},
  year={2011}
}

@article{korrattikara:2014,
  title={{Austerity in MCMC Land: Cutting the Metropolis-Hastings Budget}},
  author={A.~Korattikara and Y.~Chen and M.~Welling},
  journal={ICML},
  note={To appear},
  year={2014}
}

@article{alvarez:2009,
  title={{Latent force models}},
  author={M.~{\'A}lvarez and D.~Luengo-Garcia and N.D.~Lawrence},
	journal={AISTATS},
  year={2009}
}


@article{barker:1965,
	author = "A.A.~Barker",
	title  = "Monte Carlo calculations of the radial distribution functions for a proton electron plasma",
  journal = "Aust. J. Phys.",
	volume = "18",
	pages = "119--33", 
	year = "1965"
}

@article{beaumont2004bayesian,
  title={{The Bayesian revolution in genetics}},
  author={Beaumont, Mark A and Rannala, Bruce},
  journal={Nature Reviews Genetics},
  volume={5},
  number={4},
  pages={251--261},
  year={2004},
  publisher={Nature Publishing Group}
}

@article{beaumont2010approximate,
  title={{Approximate Bayesian computation in evolution and ecology}},
  author={Beaumont, Mark A},
  journal={Annual Review of Ecology, Evolution, and Systematics},
  volume={41},
  pages={379--406},
  year={2010},
  publisher={Annual Reviews}
}

% unbised sequential importance sampling
@article{beaumont2009adaptive,
  title={{Adaptive approximate Bayesian computation}},
  author={M.A.~Beaumont and J.-M.~Cornuet and J.-M.~Marin and C.P.~Robert},
  journal={Biometrika},
  volume={96},
  number={4},
  pages={983--990},
  year={2009},
  publisher={Oxford University Press}
}

@article{blum2012comparative,
  title={{A comparative review of dimension reduction methods in approximate Bayesian computation},
  author={Blum, MGB and Nunes, MA and Prangle, D and Sisson, SA}},
  journal={Arxiv preprint arXiv:1202.3819},
  year={2012}
}


@article{boyle:2005,
	author = "P.~Boyle and M.~Frean",
	title  = "Dependent Gaussian processes",
  journal = "Advances in Neural Information Processing Systems 17",
	year = "2005"
}

@techreport{brochu:2010,
	author = "E.~Brochu and Vlad~M. Cora and Nando de Freitas",
	title  = "A Tutorial on Bayesian Optimization of Expensive Cost Functions, 
with Application to Active User Modeling and Hierarchical Reinforcement 
Learning.",
	institution = "UBC Technical Report",
	year   = "2010"
}

@article{christen:2005,
	author = "J.~Andrés Christen and Colin Fox",
	title  = "MCMC using an Approximation",
  journal = "Journal of Computational and Graphical Statistics",
	volume = "14",
	number = "4",
	pages = "795--810", 
	year = "2005"
}

@article{ceperley:1999,
	author = "D.M.~Ceperley and M.~Dewing",
	title  = "The penalty method for random walks with uncertain energies",
  journal = "Journal of Chemical Physics",
	volume = "110",
	number = "20",
	pages = "9812--9820", 
	year = "1999"
}

@article{fielding:2011,
	author = "M.~Fielding and David J.~Nott and S.-Y.~Liong",
	title  = "Efficient MCMC Schemes for Computationally Expensive Posterior Distributions",
  journal = "Technometrics",
	volume = "53",
	number = "1",
	pages = "16--28", 
	year = "2011"
}

@article{goldberg:1998,
	author = "P.W.~Goldberg and C.K.I.~Williams and C.M.~Bishop",
	title  = "Regression with input-dependent noise: A Gaussian process treatment",
  journal = "Advances in Neural Information Processing Systems 10",
	year = "1998"
}

@article{hastings:1970,
	author = "W.K.~Hastings",
	title  = "Monte Carlo sampling methods using Markov chains and their applications",
  journal = "Biometrika",
	volume = "57",
	number = "1",
	pages = "97--109", 
	year = "1970"
}

@incollection{higdon:2002,
year={2002},
isbn={978-1-4471-1171-9},
booktitle={{Quantitative Methods for Current Environmental Issues}},
editor={C.W.~Anderson and V.~Barnett and P.C~Chatwin and E.-S.H.~Abdel},
title={{Space and Space-Time Modeling using Process Convolutions}},
publisher={Springer London},
author={D.~Higdon},
pages={37-56},
language={English}
}
@inproceedings{kersting:2007,
  title={{Most likely heteroscedastic Gaussian process regression}},
  author={K.~Kersting and C.~Plagemann and P.~Pfaff and W.~Burgard},
  booktitle={Proceedings of the 24th International Conference on Machine Learning},
  pages={393--400},
  year={2007},
  organization={ACM}
}

@article{marjoram2003markov,
  title={{Markov chain Monte Carlo without likelihoods}},
  author={Marjoram, Paul and Molitor, John and Plagnol, Vincent and Tavar{\'e}, Simon},
  journal={Proceedings of the National Academy of Sciences},
  volume={100},
  number={26},
  pages={15324--15328},
  year={2003},
  publisher={National Acad Sciences}
}

@article{metropolis:1953,
	author = "N.~Metropolis and A.M.~Rosenbluth and A.H.~Teller and E.~Teller",
	title  = "Equations of state calculations by fast computing machines",
  journal = "Journal of Chemical Physics",
	volume = "21",
	pages = "1087--92", 
	year = "1953"
}

@techreport{nicholls:2012,
	author = "G.K.~Nicholls and C.~Fox and A.M.~Watt",
	title  = "Coupled MCMC with a randomized acceptance probability",
	institution = "arXiv:1205.6857v1",
	year   = "2012"
}

@article{rasmussen:2003,
author = "C.E.~Rasmussen",
title = "Gaussian Processes to Speed Up Hybrid Monte Carlo for Expensive Bayesian Integrals",
  journal = "Bayesian Statistics",
	volume = "7",
	pages = "651--659", 
	year = "2003"

}
@inproceedings{reeves2005theoretical,
  title={{A theoretical framework for approximate Bayesian computation},
  author={Reeves, RW and Pettitt, AN}},
  booktitle={Statistical Solutions to Modern Problems: Proceedings of the 20th International Workshop on Statistical Modelling, Sydney, Australia, July 10--15},
  pages={393--396},
  year={2005}
}

@article{ruppert:2012,
author = "David Ruppert and Christine A.~Shoemaker and Yilun Wang and Yingxing Li",
title = "Uncertainty Analysis for Computationally Expensive Models with Multiple Outputs",
  journal = "Journal of Agricultural, Biological, and Environmental Statistics",
	volume = "17",
	number = "4",
	pages = "623--640", 
	year = "2012"

}

% biased sequential importance sampling
@article{sisson2007sequential,
  title={{Sequential monte carlo without likelihoods}},
  author={Sisson, SA and Fan, Y and Tanaka, Mark M},
  journal={Proceedings of the National Academy of Sciences},
  volume={104},
  number={6},
  pages={1760},
  year={2007},
  publisher={National Acad Sciences}
}

@article{sisson:2010,
  title={{Likelihood-free markov chain monte carlo}},
  author={Sisson, Scott A and Fan, Yanan},
  journal={Arxiv preprint arXiv:1001.2058},
  year={2010}
}
@article{fan:2013,
  title={{Approximate Bayesian computation via regression density estimation}},
  author={Fan, Yanan and Nott, David J and Sisson, Scott A},
  journal={Stat},
  year={2013},
  publisher={John Wiley \& Sons, Ltd}
}


@article{snoek:2012,
	author = "J.~Snoek and H.~Larochelle and R.P.~Adams",
	title  = "Practical Bayesian Optimization of Machine Learning Algorithms",
  journal = "Advances in Neural Information Processing Systems 25",
	year = "2012"
}

@article{solonen:2012,
author = "A.~Solonen and P.~Ollinaho and M.~Laine and H.~Haario and J.~Tamminen and H.~Järvinen",
title = "Efficient MCMC for Climate Model Parameter Estimation: Parallel Adaptive Chains and Early Rejection",
  journal = "Bayesian Analysis",
	volume = "7",
	number = "3",
	pages = "715--736", 
	year = "2012"

}
@article{srinivas:2010,
	author = "N.~Srinivas and A.~Krause and S.~Kakade and M.~Seeger",
	title  = "Gaussian Process Optimization in the Bandit Setting: No Regret and Experimental Design",
  journal = "ICML",
	year = "2010"
}

@article{toni2009approximate,
  title={{Approximate Bayesian computation scheme for parameter inference and model selection in dynamical systems}},
  author={T.~Toni and D.~Welch and N.~Strelkowa and A.~Ipsen and M.P.H.~Stumpf},
  journal={Journal of the Royal Society Interface},
  volume={6},
  number={31},
  pages={187--202},
  year={2009},
  publisher={The Royal Society}
}

@article{turner2012tutorial,
  title={{A tutorial on approximate Bayesian computation}},
  author={Turner, Brandon M and Van Zandt, Trisha},
  journal={Journal of Mathematical Psychology},
  volume={56},
  number={2},
  pages={69--85},
  year={2012},
  publisher={Elsevier}
}
@article{wood2010statistical,
  title={{Statistical inference for noisy nonlinear ecological dynamic systems}},
  author={Wood, Simon N},
  journal={Nature},
  volume={466},
  number={7310},
  pages={1102--1104},
  year={2010},
  publisher={Nature Publishing Group}
}

@article{xue:2011,
author = "Jing-Hao Xue and D.~Michael Titterington",
title = "The {\em p}-folded cumulative distribution function and the mean absolute deviation from the {\em p}-quantile",
  journal = "Statistics and Probability Letters",
	volume = "81",
	pages = "1179--1182", 
	year = "2011"

}